<record><leader>00000cas a2200000 a 4500</leader><controlfield tag="001">10318965</controlfield><controlfield tag="008">840120d18701882nbuwr ne      0    0eng  </controlfield><datafield ind1=" " ind2=" " tag="010"><subfield code="a">sn 84020075 </subfield></datafield><datafield ind1=" " ind2=" " tag="040"><subfield code="a">DLC</subfield><subfield code="b">eng</subfield><subfield code="c">DLC</subfield><subfield code="d">NPX</subfield><subfield code="d">NPU</subfield><subfield code="d">NVG</subfield><subfield code="d">NVF</subfield><subfield code="d">OCL</subfield><subfield code="d">OCLCQ</subfield><subfield code="d">OCLCO</subfield><subfield code="d">OCLCQ</subfield><subfield code="d">OCLCF</subfield></datafield><datafield ind1="1" ind2=" " tag="029"><subfield code="a">AU@</subfield><subfield code="b">000020409344</subfield></datafield><datafield ind1=" " ind2=" " tag="042"><subfield code="a">msc</subfield></datafield><datafield ind1=" " ind2=" " tag="043"><subfield code="a">n-us-nb</subfield></datafield><datafield ind1="0" ind2="0" tag="050"><subfield code="a">Newspaper 8663</subfield></datafield><datafield ind1="0" ind2="0" tag="245"><subfield code="a">Platte Valley independent.</subfield></datafield><datafield ind1=" " ind2=" " tag="260"><subfield code="a">Grand Island, Neb. :</subfield><subfield code="b">Mr. &amp; Mrs. Seth P. Mobley</subfield></datafield><datafield ind1=" " ind2=" " tag="300"><subfield code="a">v.</subfield></datafield><datafield ind1=" " ind2=" " tag="310"><subfield code="a">Weekly</subfield></datafield><datafield ind1="1" ind2=" " tag="362"><subfield code="a">Began Jan. 1, 1870?</subfield><subfield code="z">Cf. Hist. of Neb., 1882.</subfield></datafield><datafield ind1="1" ind2=" " tag="362"><subfield code="a">Ceased in 1882.</subfield><subfield code="z">Cf. NIM.</subfield></datafield><datafield ind1=" " ind2=" " tag="500"><subfield code="a">Vol. 8, no. 28 called also Centenniel issue, 1776-1876.</subfield></datafield><datafield ind1=" " ind2=" " tag="500"><subfield code="a">Editors: S.P. Mobley &amp; M.T.G. Mobley, &lt;1873-1877&gt;.</subfield></datafield><datafield ind1=" " ind2=" " tag="500"><subfield code="a">Publishers: Maggie Eberhart &amp; Seth P. Mobley, &lt;1870-1871&gt;; Mr. &amp; Mrs. Seth P. Mobley, &lt;1876-1877&gt;; Maggie T.G. Mobley, &lt;1879&gt;.</subfield></datafield><datafield ind1=" " ind2=" " tag="500"><subfield code="a">Published at North Platte, Neb., Jan. 1-June 25, 1870. Cf. NIM, 1948-1972.</subfield></datafield><datafield ind1=" " ind2=" " tag="500"><subfield code="a">"Republican."</subfield></datafield><datafield ind1=" " ind2=" " tag="580"><subfield code="a">Daily ed.: Platte Valley independent (Daily ed.).</subfield></datafield><datafield ind1=" " ind2=" " tag="588"><subfield code="a">Description based on: Vol. 5, no. 6 (Feb. 8, 1873).</subfield></datafield><datafield ind1=" " ind2="0" tag="651"><subfield code="a">Grand Island (Neb.)</subfield><subfield code="v">Newspapers.</subfield></datafield><datafield ind1=" " ind2="7" tag="655"><subfield code="a">Newspapers.</subfield><subfield code="2">fast</subfield><subfield code="0">(OCoLC)fst01423814</subfield></datafield><datafield ind1=" " ind2="7" tag="651"><subfield code="a">Nebraska</subfield><subfield code="z">Grand Island.</subfield><subfield code="2">fast</subfield><subfield code="0">(OCoLC)fst01217338</subfield></datafield><datafield ind1="1" ind2=" " tag="700"><subfield code="a">Mobley, Maggie T. G.</subfield></datafield><datafield ind1="1" ind2=" " tag="700"><subfield code="a">Mobley, Seth P.</subfield></datafield><datafield ind1=" " ind2=" " tag="752"><subfield code="a">United States</subfield><subfield code="b">Nebraska</subfield><subfield code="c">Lincoln</subfield><subfield code="d">North Platte.</subfield></datafield><datafield ind1=" " ind2=" " tag="752"><subfield code="a">United States</subfield><subfield code="b">Nebraska</subfield><subfield code="c">Hall</subfield><subfield code="d">Grand Island.</subfield></datafield><datafield ind1="1" ind2=" " tag="775"><subfield code="t">Platte Valley independent (Daily ed.)</subfield></datafield><datafield ind1="1" ind2=" " tag="776"><subfield code="c">Microfilm</subfield><subfield code="d">Nebraska State Historical Society</subfield><subfield code="w">(DLC)sn 95069264</subfield></datafield><datafield ind1="0" ind2="0" tag="785"><subfield code="t">Grand Island independent (Grand Island, Neb. : 1882)</subfield></datafield></record>